%YAML 1.1
%TAG !u! tag:unity3d.com,2011:
--- !u!1 &3959948004509130869
GameObject:
  m_ObjectHideFlags: 0
  m_CorrespondingSourceObject: {fileID: 0}
  m_PrefabInstance: {fileID: 0}
  m_PrefabAsset: {fileID: 0}
  serializedVersion: 6
  m_Component:
  - component: {fileID: 3959948004509130868}
  m_Layer: 0
  m_Name: MomentRing
  m_TagString: Untagged
  m_Icon: {fileID: 0}
  m_NavMeshLayer: 0
  m_StaticEditorFlags: 0
  m_IsActive: 1
--- !u!4 &3959948004509130868
Transform:
  m_ObjectHideFlags: 0
  m_CorrespondingSourceObject: {fileID: 0}
  m_PrefabInstance: {fileID: 0}
  m_PrefabAsset: {fileID: 0}
  m_GameObject: {fileID: 3959948004509130869}
  m_LocalRotation: {x: -0.5, y: -0.5, z: 0.5, w: 0.5}
  m_LocalPosition: {x: 70.8, y: 4.1, z: 95.39}
  m_LocalScale: {x: 100, y: 100, z: 100}
  m_Children:
  - {fileID: 3566348185909274122}
  - {fileID: 3566348186151342537}
  - {fileID: 3566348185820853506}
  - {fileID: 3566348186329577255}
  - {fileID: 3566348185897016070}
  m_Father: {fileID: 0}
  m_RootOrder: 0
  m_LocalEulerAnglesHint: {x: 0, y: -90, z: 90}
--- !u!1001 &3959948004767895756
PrefabInstance:
  m_ObjectHideFlags: 0
  serializedVersion: 2
  m_Modification:
    m_TransformParent: {fileID: 3959948004509130868}
    m_Modifications:
    - target: {fileID: -8679921383154817045, guid: 0bb846e1bf8e21e4886b342f5c5aab53,
        type: 3}
      propertyPath: m_LocalPosition.x
      value: -0.01
      objectReference: {fileID: 0}
    - target: {fileID: -8679921383154817045, guid: 0bb846e1bf8e21e4886b342f5c5aab53,
        type: 3}
      propertyPath: m_LocalPosition.y
      value: -0.0115
      objectReference: {fileID: 0}
    - target: {fileID: -8679921383154817045, guid: 0bb846e1bf8e21e4886b342f5c5aab53,
        type: 3}
      propertyPath: m_LocalPosition.z
      value: 0
      objectReference: {fileID: 0}
    - target: {fileID: -8679921383154817045, guid: 0bb846e1bf8e21e4886b342f5c5aab53,
        type: 3}
      propertyPath: m_LocalRotation.x
      value: -0
      objectReference: {fileID: 0}
    - target: {fileID: -8679921383154817045, guid: 0bb846e1bf8e21e4886b342f5c5aab53,
        type: 3}
      propertyPath: m_LocalRotation.y
      value: -0
      objectReference: {fileID: 0}
    - target: {fileID: -8679921383154817045, guid: 0bb846e1bf8e21e4886b342f5c5aab53,
        type: 3}
      propertyPath: m_LocalRotation.z
      value: -0
      objectReference: {fileID: 0}
    - target: {fileID: -8679921383154817045, guid: 0bb846e1bf8e21e4886b342f5c5aab53,
        type: 3}
      propertyPath: m_LocalRotation.w
      value: 1
      objectReference: {fileID: 0}
    - target: {fileID: -8679921383154817045, guid: 0bb846e1bf8e21e4886b342f5c5aab53,
        type: 3}
      propertyPath: m_RootOrder
      value: 3
      objectReference: {fileID: 0}
    - target: {fileID: -8679921383154817045, guid: 0bb846e1bf8e21e4886b342f5c5aab53,
        type: 3}
      propertyPath: m_LocalEulerAnglesHint.x
      value: 0
      objectReference: {fileID: 0}
    - target: {fileID: -8679921383154817045, guid: 0bb846e1bf8e21e4886b342f5c5aab53,
        type: 3}
      propertyPath: m_LocalEulerAnglesHint.y
      value: 0
      objectReference: {fileID: 0}
    - target: {fileID: -8679921383154817045, guid: 0bb846e1bf8e21e4886b342f5c5aab53,
        type: 3}
      propertyPath: m_LocalEulerAnglesHint.z
      value: 0
      objectReference: {fileID: 0}
    - target: {fileID: -8679921383154817045, guid: 0bb846e1bf8e21e4886b342f5c5aab53,
        type: 3}
      propertyPath: m_LocalScale.x
      value: 1
      objectReference: {fileID: 0}
    - target: {fileID: -8679921383154817045, guid: 0bb846e1bf8e21e4886b342f5c5aab53,
        type: 3}
      propertyPath: m_LocalScale.y
      value: 1
      objectReference: {fileID: 0}
    - target: {fileID: -8679921383154817045, guid: 0bb846e1bf8e21e4886b342f5c5aab53,
        type: 3}
      propertyPath: m_LocalScale.z
      value: 1
      objectReference: {fileID: 0}
    - target: {fileID: -7511558181221131132, guid: 0bb846e1bf8e21e4886b342f5c5aab53,
        type: 3}
      propertyPath: m_Materials.Array.data[0]
      value: 
      objectReference: {fileID: 2100000, guid: 6786763ce672f284fb007af2a4798bdb, type: 2}
    - target: {fileID: 919132149155446097, guid: 0bb846e1bf8e21e4886b342f5c5aab53,
        type: 3}
      propertyPath: m_Name
      value: ring (3)
      objectReference: {fileID: 0}
    m_RemovedComponents: []
  m_SourcePrefab: {fileID: 100100000, guid: 0bb846e1bf8e21e4886b342f5c5aab53, type: 3}
--- !u!4 &3566348186329577255 stripped
Transform:
  m_CorrespondingSourceObject: {fileID: -8679921383154817045, guid: 0bb846e1bf8e21e4886b342f5c5aab53,
    type: 3}
  m_PrefabInstance: {fileID: 3959948004767895756}
  m_PrefabAsset: {fileID: 0}
--- !u!1001 &3959948004921030178
PrefabInstance:
  m_ObjectHideFlags: 0
  serializedVersion: 2
  m_Modification:
    m_TransformParent: {fileID: 3959948004509130868}
    m_Modifications:
    - target: {fileID: -8679921383154817045, guid: 0bb846e1bf8e21e4886b342f5c5aab53,
        type: 3}
      propertyPath: m_LocalPosition.x
      value: 0.0098
      objectReference: {fileID: 0}
    - target: {fileID: -8679921383154817045, guid: 0bb846e1bf8e21e4886b342f5c5aab53,
        type: 3}
      propertyPath: m_LocalPosition.y
      value: 0
      objectReference: {fileID: 0}
    - target: {fileID: -8679921383154817045, guid: 0bb846e1bf8e21e4886b342f5c5aab53,
        type: 3}
      propertyPath: m_LocalPosition.z
      value: -0
      objectReference: {fileID: 0}
    - target: {fileID: -8679921383154817045, guid: 0bb846e1bf8e21e4886b342f5c5aab53,
        type: 3}
      propertyPath: m_LocalRotation.x
      value: -0
      objectReference: {fileID: 0}
    - target: {fileID: -8679921383154817045, guid: 0bb846e1bf8e21e4886b342f5c5aab53,
        type: 3}
      propertyPath: m_LocalRotation.y
      value: -0
      objectReference: {fileID: 0}
    - target: {fileID: -8679921383154817045, guid: 0bb846e1bf8e21e4886b342f5c5aab53,
        type: 3}
      propertyPath: m_LocalRotation.z
      value: -0
      objectReference: {fileID: 0}
    - target: {fileID: -8679921383154817045, guid: 0bb846e1bf8e21e4886b342f5c5aab53,
        type: 3}
      propertyPath: m_LocalRotation.w
      value: 1
      objectReference: {fileID: 0}
    - target: {fileID: -8679921383154817045, guid: 0bb846e1bf8e21e4886b342f5c5aab53,
        type: 3}
      propertyPath: m_RootOrder
      value: 1
      objectReference: {fileID: 0}
    - target: {fileID: -8679921383154817045, guid: 0bb846e1bf8e21e4886b342f5c5aab53,
        type: 3}
      propertyPath: m_LocalEulerAnglesHint.x
      value: 0
      objectReference: {fileID: 0}
    - target: {fileID: -8679921383154817045, guid: 0bb846e1bf8e21e4886b342f5c5aab53,
        type: 3}
      propertyPath: m_LocalEulerAnglesHint.y
      value: 0
      objectReference: {fileID: 0}
    - target: {fileID: -8679921383154817045, guid: 0bb846e1bf8e21e4886b342f5c5aab53,
        type: 3}
      propertyPath: m_LocalEulerAnglesHint.z
      value: 0
      objectReference: {fileID: 0}
    - target: {fileID: -8679921383154817045, guid: 0bb846e1bf8e21e4886b342f5c5aab53,
        type: 3}
      propertyPath: m_LocalScale.x
      value: 1
      objectReference: {fileID: 0}
    - target: {fileID: -8679921383154817045, guid: 0bb846e1bf8e21e4886b342f5c5aab53,
        type: 3}
      propertyPath: m_LocalScale.y
      value: 1
      objectReference: {fileID: 0}
    - target: {fileID: -8679921383154817045, guid: 0bb846e1bf8e21e4886b342f5c5aab53,
        type: 3}
      propertyPath: m_LocalScale.z
      value: 1
      objectReference: {fileID: 0}
    - target: {fileID: -7511558181221131132, guid: 0bb846e1bf8e21e4886b342f5c5aab53,
        type: 3}
      propertyPath: m_Materials.Array.data[0]
      value: 
      objectReference: {fileID: 2100000, guid: 4697556fa5259a141a0678605a145303, type: 2}
    - target: {fileID: 919132149155446097, guid: 0bb846e1bf8e21e4886b342f5c5aab53,
        type: 3}
      propertyPath: m_Name
      value: ring (1)
      objectReference: {fileID: 0}
    m_RemovedComponents: []
  m_SourcePrefab: {fileID: 100100000, guid: 0bb846e1bf8e21e4886b342f5c5aab53, type: 3}
--- !u!4 &3566348186151342537 stripped
Transform:
  m_CorrespondingSourceObject: {fileID: -8679921383154817045, guid: 0bb846e1bf8e21e4886b342f5c5aab53,
    type: 3}
  m_PrefabInstance: {fileID: 3959948004921030178}
  m_PrefabAsset: {fileID: 0}
--- !u!1001 &3959948005163287009
PrefabInstance:
  m_ObjectHideFlags: 0
  serializedVersion: 2
  m_Modification:
    m_TransformParent: {fileID: 3959948004509130868}
    m_Modifications:
    - target: {fileID: -8679921383154817045, guid: 0bb846e1bf8e21e4886b342f5c5aab53,
        type: 3}
      propertyPath: m_LocalPosition.x
      value: 0.0098
      objectReference: {fileID: 0}
    - target: {fileID: -8679921383154817045, guid: 0bb846e1bf8e21e4886b342f5c5aab53,
        type: 3}
      propertyPath: m_LocalPosition.y
      value: 0.023
      objectReference: {fileID: 0}
    - target: {fileID: -8679921383154817045, guid: 0bb846e1bf8e21e4886b342f5c5aab53,
        type: 3}
      propertyPath: m_LocalPosition.z
      value: 0
      objectReference: {fileID: 0}
    - target: {fileID: -8679921383154817045, guid: 0bb846e1bf8e21e4886b342f5c5aab53,
        type: 3}
      propertyPath: m_LocalRotation.x
      value: -0
      objectReference: {fileID: 0}
    - target: {fileID: -8679921383154817045, guid: 0bb846e1bf8e21e4886b342f5c5aab53,
        type: 3}
      propertyPath: m_LocalRotation.y
      value: -0
      objectReference: {fileID: 0}
    - target: {fileID: -8679921383154817045, guid: 0bb846e1bf8e21e4886b342f5c5aab53,
        type: 3}
      propertyPath: m_LocalRotation.z
      value: -0
      objectReference: {fileID: 0}
    - target: {fileID: -8679921383154817045, guid: 0bb846e1bf8e21e4886b342f5c5aab53,
        type: 3}
      propertyPath: m_LocalRotation.w
      value: 1
      objectReference: {fileID: 0}
    - target: {fileID: -8679921383154817045, guid: 0bb846e1bf8e21e4886b342f5c5aab53,
        type: 3}
      propertyPath: m_RootOrder
      value: 0
      objectReference: {fileID: 0}
    - target: {fileID: -8679921383154817045, guid: 0bb846e1bf8e21e4886b342f5c5aab53,
        type: 3}
      propertyPath: m_LocalEulerAnglesHint.x
      value: 0
      objectReference: {fileID: 0}
    - target: {fileID: -8679921383154817045, guid: 0bb846e1bf8e21e4886b342f5c5aab53,
        type: 3}
      propertyPath: m_LocalEulerAnglesHint.y
      value: 0
      objectReference: {fileID: 0}
    - target: {fileID: -8679921383154817045, guid: 0bb846e1bf8e21e4886b342f5c5aab53,
        type: 3}
      propertyPath: m_LocalEulerAnglesHint.z
      value: 0
      objectReference: {fileID: 0}
    - target: {fileID: -8679921383154817045, guid: 0bb846e1bf8e21e4886b342f5c5aab53,
        type: 3}
      propertyPath: m_LocalScale.x
      value: 1
      objectReference: {fileID: 0}
    - target: {fileID: -8679921383154817045, guid: 0bb846e1bf8e21e4886b342f5c5aab53,
        type: 3}
      propertyPath: m_LocalScale.y
      value: 1
      objectReference: {fileID: 0}
    - target: {fileID: -8679921383154817045, guid: 0bb846e1bf8e21e4886b342f5c5aab53,
        type: 3}
      propertyPath: m_LocalScale.z
      value: 1
      objectReference: {fileID: 0}
    - target: {fileID: -7511558181221131132, guid: 0bb846e1bf8e21e4886b342f5c5aab53,
        type: 3}
      propertyPath: m_Materials.Array.data[0]
      value: 
      objectReference: {fileID: 2100000, guid: 4ba3e6302ab96a9489f86f1f060433c2, type: 2}
    - target: {fileID: 919132149155446097, guid: 0bb846e1bf8e21e4886b342f5c5aab53,
        type: 3}
      propertyPath: m_Name
      value: ring
      objectReference: {fileID: 0}
    m_RemovedComponents: []
  m_SourcePrefab: {fileID: 100100000, guid: 0bb846e1bf8e21e4886b342f5c5aab53, type: 3}
--- !u!4 &3566348185909274122 stripped
Transform:
  m_CorrespondingSourceObject: {fileID: -8679921383154817045, guid: 0bb846e1bf8e21e4886b342f5c5aab53,
    type: 3}
  m_PrefabInstance: {fileID: 3959948005163287009}
  m_PrefabAsset: {fileID: 0}
--- !u!1001 &3959948005208849645
PrefabInstance:
  m_ObjectHideFlags: 0
  serializedVersion: 2
  m_Modification:
    m_TransformParent: {fileID: 3959948004509130868}
    m_Modifications:
    - target: {fileID: -8679921383154817045, guid: 0bb846e1bf8e21e4886b342f5c5aab53,
        type: 3}
      propertyPath: m_LocalPosition.x
      value: -0.01
      objectReference: {fileID: 0}
    - target: {fileID: -8679921383154817045, guid: 0bb846e1bf8e21e4886b342f5c5aab53,
        type: 3}
      propertyPath: m_LocalPosition.y
      value: 0.0115
      objectReference: {fileID: 0}
    - target: {fileID: -8679921383154817045, guid: 0bb846e1bf8e21e4886b342f5c5aab53,
        type: 3}
      propertyPath: m_LocalPosition.z
      value: 0
      objectReference: {fileID: 0}
    - target: {fileID: -8679921383154817045, guid: 0bb846e1bf8e21e4886b342f5c5aab53,
        type: 3}
      propertyPath: m_LocalRotation.x
      value: -0
      objectReference: {fileID: 0}
    - target: {fileID: -8679921383154817045, guid: 0bb846e1bf8e21e4886b342f5c5aab53,
        type: 3}
      propertyPath: m_LocalRotation.y
      value: -0
      objectReference: {fileID: 0}
    - target: {fileID: -8679921383154817045, guid: 0bb846e1bf8e21e4886b342f5c5aab53,
        type: 3}
      propertyPath: m_LocalRotation.z
      value: -0
      objectReference: {fileID: 0}
    - target: {fileID: -8679921383154817045, guid: 0bb846e1bf8e21e4886b342f5c5aab53,
        type: 3}
      propertyPath: m_LocalRotation.w
      value: 1
      objectReference: {fileID: 0}
    - target: {fileID: -8679921383154817045, guid: 0bb846e1bf8e21e4886b342f5c5aab53,
        type: 3}
      propertyPath: m_RootOrder
      value: 4
      objectReference: {fileID: 0}
    - target: {fileID: -8679921383154817045, guid: 0bb846e1bf8e21e4886b342f5c5aab53,
        type: 3}
      propertyPath: m_LocalEulerAnglesHint.x
      value: 0
      objectReference: {fileID: 0}
    - target: {fileID: -8679921383154817045, guid: 0bb846e1bf8e21e4886b342f5c5aab53,
        type: 3}
      propertyPath: m_LocalEulerAnglesHint.y
      value: 0
      objectReference: {fileID: 0}
    - target: {fileID: -8679921383154817045, guid: 0bb846e1bf8e21e4886b342f5c5aab53,
        type: 3}
      propertyPath: m_LocalEulerAnglesHint.z
      value: 0
      objectReference: {fileID: 0}
    - target: {fileID: -8679921383154817045, guid: 0bb846e1bf8e21e4886b342f5c5aab53,
        type: 3}
      propertyPath: m_LocalScale.x
      value: 1
      objectReference: {fileID: 0}
    - target: {fileID: -8679921383154817045, guid: 0bb846e1bf8e21e4886b342f5c5aab53,
        type: 3}
      propertyPath: m_LocalScale.y
      value: 1
      objectReference: {fileID: 0}
    - target: {fileID: -8679921383154817045, guid: 0bb846e1bf8e21e4886b342f5c5aab53,
        type: 3}
      propertyPath: m_LocalScale.z
      value: 1
      objectReference: {fileID: 0}
    - target: {fileID: -7511558181221131132, guid: 0bb846e1bf8e21e4886b342f5c5aab53,
        type: 3}
      propertyPath: m_Materials.Array.data[0]
      value: 
      objectReference: {fileID: 2100000, guid: a1c85d3fc49014f42b48c931dec45684, type: 2}
    - target: {fileID: 919132149155446097, guid: 0bb846e1bf8e21e4886b342f5c5aab53,
        type: 3}
      propertyPath: m_Name
      value: ring (4)
      objectReference: {fileID: 0}
    m_RemovedComponents: []
  m_SourcePrefab: {fileID: 100100000, guid: 0bb846e1bf8e21e4886b342f5c5aab53, type: 3}
--- !u!4 &3566348185897016070 stripped
Transform:
  m_CorrespondingSourceObject: {fileID: -8679921383154817045, guid: 0bb846e1bf8e21e4886b342f5c5aab53,
    type: 3}
  m_PrefabInstance: {fileID: 3959948005208849645}
  m_PrefabAsset: {fileID: 0}
--- !u!1001 &3959948005276685033
PrefabInstance:
  m_ObjectHideFlags: 0
  serializedVersion: 2
  m_Modification:
    m_TransformParent: {fileID: 3959948004509130868}
    m_Modifications:
    - target: {fileID: -8679921383154817045, guid: 0bb846e1bf8e21e4886b342f5c5aab53,
        type: 3}
      propertyPath: m_LocalPosition.x
      value: 0.0098
      objectReference: {fileID: 0}
    - target: {fileID: -8679921383154817045, guid: 0bb846e1bf8e21e4886b342f5c5aab53,
        type: 3}
      propertyPath: m_LocalPosition.y
      value: -0.023
      objectReference: {fileID: 0}
    - target: {fileID: -8679921383154817045, guid: 0bb846e1bf8e21e4886b342f5c5aab53,
        type: 3}
      propertyPath: m_LocalPosition.z
      value: -0
      objectReference: {fileID: 0}
    - target: {fileID: -8679921383154817045, guid: 0bb846e1bf8e21e4886b342f5c5aab53,
        type: 3}
      propertyPath: m_LocalRotation.x
      value: -0
      objectReference: {fileID: 0}
    - target: {fileID: -8679921383154817045, guid: 0bb846e1bf8e21e4886b342f5c5aab53,
        type: 3}
      propertyPath: m_LocalRotation.y
      value: -0
      objectReference: {fileID: 0}
    - target: {fileID: -8679921383154817045, guid: 0bb846e1bf8e21e4886b342f5c5aab53,
        type: 3}
      propertyPath: m_LocalRotation.z
      value: -0
      objectReference: {fileID: 0}
    - target: {fileID: -8679921383154817045, guid: 0bb846e1bf8e21e4886b342f5c5aab53,
        type: 3}
      propertyPath: m_LocalRotation.w
      value: 1
      objectReference: {fileID: 0}
    - target: {fileID: -8679921383154817045, guid: 0bb846e1bf8e21e4886b342f5c5aab53,
        type: 3}
      propertyPath: m_RootOrder
      value: 2
      objectReference: {fileID: 0}
    - target: {fileID: -8679921383154817045, guid: 0bb846e1bf8e21e4886b342f5c5aab53,
        type: 3}
      propertyPath: m_LocalEulerAnglesHint.x
      value: 0
      objectReference: {fileID: 0}
    - target: {fileID: -8679921383154817045, guid: 0bb846e1bf8e21e4886b342f5c5aab53,
        type: 3}
      propertyPath: m_LocalEulerAnglesHint.y
      value: 0
      objectReference: {fileID: 0}
    - target: {fileID: -8679921383154817045, guid: 0bb846e1bf8e21e4886b342f5c5aab53,
        type: 3}
      propertyPath: m_LocalEulerAnglesHint.z
      value: 0
      objectReference: {fileID: 0}
    - target: {fileID: -8679921383154817045, guid: 0bb846e1bf8e21e4886b342f5c5aab53,
        type: 3}
      propertyPath: m_LocalScale.x
      value: 1
      objectReference: {fileID: 0}
    - target: {fileID: -8679921383154817045, guid: 0bb846e1bf8e21e4886b342f5c5aab53,
        type: 3}
      propertyPath: m_LocalScale.y
      value: 1
      objectReference: {fileID: 0}
    - target: {fileID: -8679921383154817045, guid: 0bb846e1bf8e21e4886b342f5c5aab53,
        type: 3}
      propertyPath: m_LocalScale.z
      value: 1
      objectReference: {fileID: 0}
    - target: {fileID: -7511558181221131132, guid: 0bb846e1bf8e21e4886b342f5c5aab53,
        type: 3}
      propertyPath: m_Materials.Array.data[0]
      value: 
      objectReference: {fileID: 2100000, guid: b7df6d8b307d0da4cb18d904e4c3293a, type: 2}
    - target: {fileID: 919132149155446097, guid: 0bb846e1bf8e21e4886b342f5c5aab53,
        type: 3}
      propertyPath: m_Name
      value: ring (2)
      objectReference: {fileID: 0}
    m_RemovedComponents: []
  m_SourcePrefab: {fileID: 100100000, guid: 0bb846e1bf8e21e4886b342f5c5aab53, type: 3}
--- !u!4 &3566348185820853506 stripped
Transform:
  m_CorrespondingSourceObject: {fileID: -8679921383154817045, guid: 0bb846e1bf8e21e4886b342f5c5aab53,
    type: 3}
  m_PrefabInstance: {fileID: 3959948005276685033}
  m_PrefabAsset: {fileID: 0}
